<record><leader>00000cas a22000007a 4500</leader><controlfield tag="001">13992230</controlfield><controlfield tag="008">860731d18851917iauwr ne      0    0eng d</controlfield><datafield ind1=" " ind2=" " tag="010"><subfield code="a">sn 86061076 </subfield></datafield><datafield ind1=" " ind2=" " tag="040"><subfield code="a">INP</subfield><subfield code="b">eng</subfield><subfield code="c">INP</subfield><subfield code="d">OCLCQ</subfield></datafield><datafield ind1="0" ind2="0" tag="245"><subfield code="a">Buena Vista vidette.</subfield></datafield><datafield ind1=" " ind2=" " tag="260"><subfield code="a">Storm Lake, Iowa :</subfield><subfield code="b">C. Everett Lee,</subfield><subfield code="c">-1917.</subfield></datafield><datafield ind1=" " ind2=" " tag="300"><subfield code="a">v. :</subfield><subfield code="b">ill. ;</subfield><subfield code="c">58 cm.</subfield></datafield><datafield ind1=" " ind2=" " tag="310"><subfield code="a">Weekly</subfield></datafield><datafield ind1="1" ind2=" " tag="362"><subfield code="a">Began with Nov. 13, 1885 issue.</subfield></datafield><datafield ind1="0" ind2=" " tag="362"><subfield code="a">-v. 32, no. 39 (June 22, 1917).</subfield></datafield><datafield ind1=" " ind2=" " tag="500"><subfield code="a">Publisher varies.</subfield></datafield><datafield ind1=" " ind2=" " tag="588"><subfield code="a">Description based on: Vol. 1, no. 2 (Nov. 20, 1885).</subfield></datafield><datafield ind1=" " ind2=" " tag="752"><subfield code="a">United States</subfield><subfield code="b">Iowa</subfield><subfield code="c">Buena Vista</subfield><subfield code="d">Storm Lake.</subfield></datafield><datafield ind1="0" ind2="0" tag="785"><subfield code="t">Storm Lake register, the Buena Vista vidette</subfield><subfield code="w">(DLC)sn 88059463</subfield></datafield></record>